%YAML 1.1
%TAG !u! tag:unity3d.com,2011:
--- !u!1 &4515354132795556213
GameObject:
  m_ObjectHideFlags: 0
  m_CorrespondingSourceObject: {fileID: 0}
  m_PrefabInstance: {fileID: 0}
  m_PrefabAsset: {fileID: 0}
  serializedVersion: 6
  m_Component:
  - component: {fileID: 4515354132795137365}
  - component: {fileID: 4515354132796464501}
  - component: {fileID: 4515354132797562805}
  - component: {fileID: 4515354132759863007}
  - component: {fileID: 4515354132759862995}
  - component: {fileID: 4515354132759863006}
  m_Layer: 0
  m_Name: VendingMachine
  m_TagString: Untagged
  m_Icon: {fileID: 0}
  m_NavMeshLayer: 0
  m_StaticEditorFlags: 0
  m_IsActive: 1
--- !u!4 &4515354132795137365
Transform:
  m_ObjectHideFlags: 0
  m_CorrespondingSourceObject: {fileID: 0}
  m_PrefabInstance: {fileID: 0}
  m_PrefabAsset: {fileID: 0}
  m_GameObject: {fileID: 4515354132795556213}
  m_LocalRotation: {x: -0.7071068, y: -0, z: -0, w: 0.7071067}
  m_LocalPosition: {x: -0.95585, y: 2.2, z: 8.799255}
  m_LocalScale: {x: 53.39045, y: 18.64988, z: 21.365885}
  m_Children: []
  m_Father: {fileID: 0}
  m_RootOrder: 0
  m_LocalEulerAnglesHint: {x: 0, y: 0, z: 0}
--- !u!33 &4515354132796464501
MeshFilter:
  m_ObjectHideFlags: 0
  m_CorrespondingSourceObject: {fileID: 0}
  m_PrefabInstance: {fileID: 0}
  m_PrefabAsset: {fileID: 0}
  m_GameObject: {fileID: 4515354132795556213}
  m_Mesh: {fileID: 4300000, guid: 8d30a70ffd07ea549bf0ac6c7a01eb68, type: 3}
--- !u!23 &4515354132797562805
MeshRenderer:
  m_ObjectHideFlags: 0
  m_CorrespondingSourceObject: {fileID: 0}
  m_PrefabInstance: {fileID: 0}
  m_PrefabAsset: {fileID: 0}
  m_GameObject: {fileID: 4515354132795556213}
  m_Enabled: 1
  m_CastShadows: 1
  m_ReceiveShadows: 1
  m_DynamicOccludee: 1
  m_MotionVectors: 1
  m_LightProbeUsage: 1
  m_ReflectionProbeUsage: 1
  m_RenderingLayerMask: 1
  m_RendererPriority: 0
  m_Materials:
  - {fileID: 2100000, guid: 963eccac1dd0f4045ac0752532093018, type: 2}
  m_StaticBatchInfo:
    firstSubMesh: 0
    subMeshCount: 0
  m_StaticBatchRoot: {fileID: 0}
  m_ProbeAnchor: {fileID: 0}
  m_LightProbeVolumeOverride: {fileID: 0}
  m_ScaleInLightmap: 1
  m_PreserveUVs: 0
  m_IgnoreNormalsForChartDetection: 0
  m_ImportantGI: 0
  m_StitchLightmapSeams: 0
  m_SelectedEditorRenderState: 3
  m_MinimumChartSize: 4
  m_AutoUVMaxDistance: 0.5
  m_AutoUVMaxAngle: 89
  m_LightmapParameters: {fileID: 0}
  m_SortingLayerID: 0
  m_SortingLayer: 0
  m_SortingOrder: 0
--- !u!65 &4515354132759863007
BoxCollider:
  m_ObjectHideFlags: 0
  m_CorrespondingSourceObject: {fileID: 0}
  m_PrefabInstance: {fileID: 0}
  m_PrefabAsset: {fileID: 0}
  m_GameObject: {fileID: 4515354132795556213}
  m_Material: {fileID: 0}
  m_IsTrigger: 1
  m_Enabled: 1
  serializedVersion: 2
  m_Size: {x: 0.025189575, y: 0.05035573, z: 0.03857191}
  m_Center: {x: -0.00011216051, y: 0.018915327, z: -0.08115652}
--- !u!65 &4515354132759862995
BoxCollider:
  m_ObjectHideFlags: 0
  m_CorrespondingSourceObject: {fileID: 0}
  m_PrefabInstance: {fileID: 0}
  m_PrefabAsset: {fileID: 0}
  m_GameObject: {fileID: 4515354132795556213}
  m_Material: {fileID: 0}
  m_IsTrigger: 0
  m_Enabled: 1
  serializedVersion: 2
  m_Size: {x: 0.025189575, y: 0.10972549, z: 0.11044161}
  m_Center: {x: -0.00011216104, y: -0.044307064, z: -0.04522081}
--- !u!114 &4515354132759863006
MonoBehaviour:
  m_ObjectHideFlags: 0
  m_CorrespondingSourceObject: {fileID: 0}
  m_PrefabInstance: {fileID: 0}
  m_PrefabAsset: {fileID: 0}
  m_GameObject: {fileID: 4515354132795556213}
  m_Enabled: 1
  m_EditorHideFlags: 0
  m_Script: {fileID: 11500000, guid: c133800b25e882d418e609f18553ea23, type: 3}
  m_Name: 
  m_EditorClassIdentifier: 
  Button: {fileID: 0}
  Button2: {fileID: 0}
  Button3: {fileID: 0}
  Buff_One: {fileID: 11400000, guid: ed6ef30953716124e8807ca2150a76c3, type: 2}
  Buff_Two: {fileID: 11400000, guid: 5132303dab130494c800495c96ec66f7, type: 2}
  Buff_Three: {fileID: 11400000, guid: 11513d29d8d3e814e891ce22d61c5e07, type: 2}
  Target: {fileID: 0}
